10400000         2031873010001640000000000000000000003205056688300000000CIVILCORP INCORPORACOES LTDA  CAIXA ECONOMICA FEDERAL                 10602201716353300009405000000                    REMESSA-PRODUCAO                                 
10400011R0100030 20031873010001645668830000000000000003205056688300000000CIVILCORP INCORPORACOES LTDA  MULTA DE 2% + JUROS DE 0.033% AO DIA    NAO RECEBER APOS 20 DIAS DE VENCIDO     000000940602201706022017                                 
1040001300001P 01032050566883000000000000000000000000000011211PAR 024/036    0103201700000000030331800000002N0602201710203201700000000000010100000000000000000000000000000000000000000000000000000000000000000000000000074113001010090000000000 
1040001300002Q 012002867717000160A CARVALHO DA SILVA E CIA LTDA - ME     RUA 31, N  01 - CONJ. RESD. AMAZONINO MECIDADE NOVA    69099130MANAUS         AM0000000000000000                                                                       
1040001300003R 01000000000000000000000000000000000000000000000000102032017000000000006066                                                                                                                                                       
1040001300004P 01032050566883000000000000000000000000000011211PAR 024/036    0103201700000000030331800000002N0602201710203201700000000000010100000000000000000000000000000000000000000000000000000000000000000000000000074523001010090000000000 
1040001300005Q 012002867717000160A CARVALHO DA SILVA E CIA LTDA - ME     RUA 31, N  01 - CONJ. RESD. AMAZONINO MECIDADE NOVA    69099130MANAUS         AM0000000000000000                                                                       
1040001300006R 01000000000000000000000000000000000000000000000000102032017000000000006066                                                                                                                                                       
1040001300007P 01032050566883000000000000000000000000000011211PAR 019/036    0103201700000000007427900000002N0602201710203201700000000000002500000000000000000000000000000000000000000000000000000000000000000000000000159583001010090000000000 
1040001300008Q 011000004343530272CELSO CASTANHO DE CAMARGO FILHO         AV. JOAQUIM NABUCO 1950 APARTAMENTO 1104CENTRO         69020031MANAUS         AM0000000000000000                                                                       
1040001300009R 01000000000000000000000000000000000000000000000000102032017000000000001486                                                                                                                                                       
1040001300010P 01032050566883000000000000000000000000000011211PAR 024/060    0203201700000000018917800000002N0602201710303201700000000000006300000000000000000000000000000000000000000000000000000000000000000000000000082513001010090000000000 
1040001300011Q 011000033792569272RAIMUNDO VALDELINO RODRIGUES CAVALCANTE RUA NASCIMENTO NEGREIROS, N 31 CONJ. AEFFLORES         69058847MANAUS         AM0000000000000000                                                                       
1040001300012R 01000000000000000000000000000000000000000000000000103032017000000000003784                                                                                                                                                       
1040001300013P 01032050566883000000000000000000000000000011211PAR 017/060    0303201700000000018007700000002N0602201710403201700000000000006000000000000000000000000000000000000000000000000000000000000000000000000000171423001010090000000000 
1040001300014Q 011000041842871234SILVIA LUIZA SIMOES PASSOS              RUA JOSE DE ARIMATEIA , QD M RESID.ADRIAADRIANOPOLIS   69057084MANAUS         AM0000000000000000                                                                       
1040001300015R 01000000000000000000000000000000000000000000000000104032017000000000003602                                                                                                                                                       
1040001300016P 01032050566883000000000000000000000000000011211PAR 022/060    0403201700000000018723500000002N0602201710503201700000000000006200000000000000000000000000000000000000000000000000000000000000000000000000109903001010090000000000 
1040001300017Q 011000032141009200FRANCISCO GUIMARAES DA SILVA            RUA SAO PEDRO, N  120                   MORRO DA LIBERD69074730MANAUS         AM0000000000000000                                                                       
1040001300018R 01000000000000000000000000000000000000000000000000105032017000000000003745                                                                                                                                                       
1040001300019P 01032050566883000000000000000000000000000011211PAR 025/060    0503201700000000019846300000002N0602201710603201700000000000006600000000000000000000000000000000000000000000000000000000000000000000000000019483001010090000000000 
1040001300020Q 011000059351179249EMERSON ZUMAETA MONCAYO                 RUA MARQUES DO MARANHAO N  721  RES QUINFLORES         69058204MANAUS         AM0000000000000000                                                                       
1040001300021R 01000000000000000000000000000000000000000000000000106032017000000000003969                                                                                                                                                       
1040001300022P 01032050566883000000000000000000000000000011211PAR 026/060    0503201700000000019035100000002N0602201710603201700000000000006300000000000000000000000000000000000000000000000000000000000000000000000000035813001010090000000000 
1040001300023Q 011000016275519215GILSON HARLEY FRANCA MONTEIRO           RUA C S/N - COND. LAVILETE CASA 18      PARQUE DEZ DE N69055680MANAUS         AM0000000000000000                                                                       
1040001300024R 01000000000000000000000000000000000000000000000000106032017000000000003807                                                                                                                                                       
1040001300025P 01032050566883000000000000000000000000000011211PAR 024/060    0503201700000000019723300000002N0602201710603201700000000000006600000000000000000000000000000000000000000000000000000000000000000000000000078793001010090000000000 
1040001300026Q 011000034698019249ANTONIO MACHADO MARINHO                 AV. TORQUATO TAPAJOS, N  6437 CASA 55  CTARUMA         69041360MANAUS         AM0000000000000000                                                                       
1040001300027R 01000000000000000000000000000000000000000000000000106032017000000000003945                                                                                                                                                       
1040001300028P 01032050566883000000000000000000000000000011211PAR 024/036    0503201700000000030101600000002N0602201710603201700000000000010000000000000000000000000000000000000000000000000000000000000000000000000000095413001010090000000000 
1040001300029Q 011000089338847268AUREO ANDERSON DE ASSIS MONTEIRO        RUA SANTA HELENA, N  15  PROX, CLUBE DA ALEIXO         69060360MANAUS         AM0000000000000000                                                                       
1040001300030R 01000000000000000000000000000000000000000000000000106032017000000000006020                                                                                                                                                       
1040001300031P 01032050566883000000000000000000000000000011211ANU 002/003    0503201700000000127489000000002N0602201710603201700000000000042500000000000000000000000000000000000000000000000000000000000000000000000000095553001010090000000000 
1040001300032Q 011000089338847268AUREO ANDERSON DE ASSIS MONTEIRO        RUA SANTA HELENA, N  15  PROX, CLUBE DA ALEIXO         69060360MANAUS         AM0000000000000000                                                                       
1040001300033R 01000000000000000000000000000000000000000000000000106032017000000000025498                                                                                                                                                       
1040001300034P 01032050566883000000000000000000000000000011211PAR 023/060    0503201700000000018774200000002N0602201710603201700000000000006300000000000000000000000000000000000000000000000000000000000000000000000000097513001010090000000000 
1040001300035Q 011000087734010210JULIANA MAYARA DA SILVA SAMPAIO         RUA VINTE E SETE DE SETEMBRO, N  27 CASASAO RAIMUNDO   69027190MANAUS         AM0000000000000000                                                                       
1040001300036R 01000000000000000000000000000000000000000000000000106032017000000000003755                                                                                                                                                       
1040001300037P 01032050566883000000000000000000000000000011211ANU 001/002    0503201700000000132523400000002N0602201710603201700000000000044200000000000000000000000000000000000000000000000000000000000000000000000000097903001010090000000000 
1040001300038Q 011000087734010210JULIANA MAYARA DA SILVA SAMPAIO         RUA VINTE E SETE DE SETEMBRO, N  27 CASASAO RAIMUNDO   69027190MANAUS         AM0000000000000000                                                                       
1040001300039R 01000000000000000000000000000000000000000000000000106032017000000000026505                                                                                                                                                       
1040001300040P 01032050566883000000000000000000000000000011211REP 004/014    0503201700000000010751200000002N0602201710603201700000000000003600000000000000000000000000000000000000000000000000000000000000000000000000347433001010090000000000 
1040001300041Q 011000032141009200FRANCISCO GUIMARAES DA SILVA            RUA SAO PEDRO, N  120                   MORRO DA LIBERD69074730MANAUS         AM0000000000000000                                                                       
1040001300042R 01000000000000000000000000000000000000000000000000106032017000000000002150                                                                                                                                                       
1040001300043P 01032050566883000000000000000000000000000011211PAR 022/060    0503201700000000018723500000002N0602201710603201700000000000006200000000000000000000000000000000000000000000000000000000000000000000000000119023001010090000000000 
1040001300044Q 011000000848184769MARCELUS HOTTUM DE OLIVEIRA             RUA ARIPUANA, N  2143                   SAO LAZARO     69093607MANAUS         AM0000000000000000                                                                       
1040001300045R 01000000000000000000000000000000000000000000000000106032017000000000003745                                                                                                                                                       
1040001300046P 01032050566883000000000000000000000000000011211PAR 022/060    0503201700000000018723500000002N0602201710603201700000000000006200000000000000000000000000000000000000000000000000000000000000000000000000119683001010090000000000 
1040001300047Q 012009058526000105AUCON SERVICO ELETRONICO LTDA - EPP     AV. PEDRO TEIXEIRA, N  1000 BLOCO A SALADOM PEDRO      69040000MANAUS         AM0000000000000000                                                                       
1040001300048R 01000000000000000000000000000000000000000000000000106032017000000000003745                                                                                                                                                       
1040001300049P 01032050566883000000000000000000000000000011211PAR 022/060    0503201700000000018723500000002N0602201710603201700000000000006200000000000000000000000000000000000000000000000000000000000000000000000000120343001010090000000000 
1040001300050Q 012009058526000105AUCON SERVICO ELETRONICO LTDA - EPP     AV. PEDRO TEIXEIRA, N  1000 BLOCO A SALADOM PEDRO      69040000MANAUS         AM0000000000000000                                                                       
1040001300051R 01000000000000000000000000000000000000000000000000106032017000000000003745                                                                                                                                                       
1040001300052P 01032050566883000000000000000000000000000011211PAR 022/060    0503201700000000018541700000002N0602201710603201700000000000006200000000000000000000000000000000000000000000000000000000000000000000000000124123001010090000000000 
1040001300053Q 011000050830902287MICHAEL FELIPE PREUSSLER DIAS           TRAVESSA GOIANIA, 102 APTO 106 CONJ BEIJFLORES         69028053MANAUS         AM0000000000000000                                                                       
1040001300054R 01000000000000000000000000000000000000000000000000106032017000000000003708                                                                                                                                                       
1040001300055P 01032050566883000000000000000000000000000011211PAR 021/060    0503201700000000018328000000002N0602201710603201700000000000006100000000000000000000000000000000000000000000000000000000000000000000000000132133001010090000000000 
1040001300056Q 011000012278831291PAULO CEZAR CORREA VIEIRA               AV. PARAIBA, N  498 COND. CENTRAL PARK  ADRIANOPOLIS   69057010MANAUS         AM0000000000000000                                                                       
1040001300057R 01000000000000000000000000000000000000000000000000106032017000000000003666                                                                                                                                                       
1040001300058P 01032050566883000000000000000000000000000011211PAR 018/060    0503201700000000018132100000002N0602201710603201700000000000006000000000000000000000000000000000000000000000000000000000000000000000000000143663001010090000000000 
1040001300059Q 011000075061880234DIEGO DE MOURA RABELO                   TRAVESSA SAO PAULO 633                  VILA DA PRATA  69033710MANAUS         AM0000000000000000                                                                       
1040001300060R 01000000000000000000000000000000000000000000000000106032017000000000003626                                                                                                                                                       
1040001300061P 01032050566883000000000000000000000000000011211PAR 019/060    0503201700000000018132100000002N0602201710603201700000000000006000000000000000000000000000000000000000000000000000000000000000000000000000145653001010090000000000 
1040001300062Q 011000078535891234HERIKA DUARTE ABIA SOUZA                RUA FRANCISCO LOUREIRO  N  185 BL.11 APTPONTA NEGRA    69037043MANAUS         AM0000000000000000                                                                       
1040001300063R 01000000000000000000000000000000000000000000000000106032017000000000003626                                                                                                                                                       
1040001300064P 01032050566883000000000000000000000000000011211PAR 019/060    0503201700000000018132100000002N0602201710603201700000000000006000000000000000000000000000000000000000000000000000000000000000000000000000153893001010090000000000 
1040001300065Q 011000065939735215FRANCIRLEIA LIMA DE OLIVEIRA            RUA MARIO BRANDAO 153                   COMPENSA       69030060MANAUS         AM0000000000000000                                                                       
1040001300066R 01000000000000000000000000000000000000000000000000106032017000000000003626                                                                                                                                                       
1040001300067P 01032050566883000000000000000000000000000011211PAR 017/060    0503201700000000018307500000002N0602201710603201700000000000006100000000000000000000000000000000000000000000000000000000000000000000000000165033001010090000000000 
1040001300068Q 011000028861884253GIUMAR DA COSTA MOREIRA                 R. N. SRA DE FATIMA, BL A APTO 404 COND SANTA ETELVIN A69059420MANAUS         AM0000000000000000                                                                       
1040001300069R 01000000000000000000000000000000000000000000000000106032017000000000003661                                                                                                                                                       
1040001300070P 01032050566883000000000000000000000000000011211PAR 018/060    0503201700000000018007700000002N0602201710603201700000000000006000000000000000000000000000000000000000000000000000000000000000000000000000175513001010090000000000 
1040001300071Q 011000044103000244JOAQUIM MELO DOS SANTOS FILHO           RUA DOMINGOS LEITE -46                  DA PAZ         69048020MANAUS         AM0000000000000000                                                                       
1040001300072R 01000000000000000000000000000000000000000000000000106032017000000000003602                                                                                                                                                       
1040001300073P 01032050566883000000000000000000000000000011211PAR 014/060    0503201700000000022007500000002N0602201710603201700000000000007300000000000000000000000000000000000000000000000000000000000000000000000000236733001010090000000000 
1040001300074Q 011000027611116215ERONILDES DIAS DA SILVA                 AV. PRUDENTE DE MORAIS, 351 CONJ D.PEDROD.PEDRO        69040710MANAUS         AM0000000000000000                                                                       
1040001300075R 01000000000000000000000000000000000000000000000000106032017000000000004401                                                                                                                                                       
1040001300076P 01032050566883000000000000000000000000000011211PAR 014/060    0503201700000000022007500000002N0602201710603201700000000000007300000000000000000000000000000000000000000000000000000000000000000000000000237393001010090000000000 
1040001300077Q 011000031739377249WALDOMIR DIAS DA SILVA                  RUA PROFESSORA LEA ALENCAR, 403         ALVORADA 2     69042050MANAUS         AM0000000000000000                                                                       
1040001300078R 01000000000000000000000000000000000000000000000000106032017000000000004401                                                                                                                                                       
1040001300079P 01032050566883000000000000000000000000000011211PAR 023/060    0503201700000000019568900000002N0602201710603201700000000000006500000000000000000000000000000000000000000000000000000000000000000000000000247023001010090000000000 
1040001300080Q 011000031385680253CARLOS SILVESTRE DA SILVA SOARES        RUA RODRIGUES ALVES, N  185             D.PEDRO        69040180MANAUS         AM0000000000000000                                                                       
1040001300081R 01000000000000000000000000000000000000000000000000106032017000000000003914                                                                                                                                                       
1040001300082P 01032050566883000000000000000000000000000011211ANU 002/003    0503201700000000138132700000002N0602201710603201700000000000046000000000000000000000000000000000000000000000000000000000000000000000000000247413001010090000000000 
1040001300083Q 011000031385680253CARLOS SILVESTRE DA SILVA SOARES        RUA RODRIGUES ALVES, N  185             D.PEDRO        69040180MANAUS         AM0000000000000000                                                                       
1040001300084R 01000000000000000000000000000000000000000000000000106032017000000000027627                                                                                                                                                       
1040001300085P 01032050566883000000000000000000000000000011211PAR 003/060    0503201700000000015249800000002N0602201710603201700000000000005100000000000000000000000000000000000000000000000000000000000000000000000000294853001010090000000000 
1040001300086Q 011000003447938269HANNA MAY MUNIZ CRUZ                    RUA VISCONDE DE SINIMBU, CASA 12 124    FLORES         69058790MANAUS         AM0000000000000000                                                                       
1040001300087R 01000000000000000000000000000000000000000000000000106032017000000000003050                                                                                                                                                       
1040001300088P 01032050566883000000000000000000000000000011211PAR 022/060    0503201700000000019918300000002N0602201710603201700000000000006600000000000000000000000000000000000000000000000000000000000000000000000000321513001010090000000000 
1040001300089Q 011000016137736253VERA MARIA FERREIRA DA SILVA            RUA 3, N  104 - CONJ. VILLAR CAMARA N  1ALEIXO         69083370MANAUS         AM0000000000000000                                                                       
1040001300090R 01000000000000000000000000000000000000000000000000106032017000000000003984                                                                                                                                                       
1040001300091P 01032050566883000000000000000000000000000011211PAR 019/060    0503201700000000018132100000002N0602201710603201700000000000006000000000000000000000000000000000000000000000000000000000000000000000000000324613001010090000000000 
1040001300092Q 011000085585122215DANILO SERRAO PEREIRA                   RUA LAURO BITTENCOURT 376               SANTO ANTONIO  69029060MANAUS         AM0000000000000000                                                                       
1040001300093R 01000000000000000000000000000000000000000000000000106032017000000000003626                                                                                                                                                       
1040001300094P 01032050566883000000000000000000000000000011211PAR 024/060    0603201700000000018917800000002N0602201710703201700000000000006300000000000000000000000000000000000000000000000000000000000000000000000000075613001010090000000000 
1040001300095Q 011000062086278349WENER VIEIRA DOS SANTOS                 RUA 5, N  25 CONJUNTO HILEIA I          REDENCAO       69049210MANAUS         AM0000000000000000                                                                       
1040001300096R 01000000000000000000000000000000000000000000000000107032017000000000003784                                                                                                                                                       
1040001300097P 01032050566883000000000000000000000000000011211PAR 022/058    0703201700000000018580000000002N0602201710803201700000000000006200000000000000000000000000000000000000000000000000000000000000000000000000064823001010090000000000 
1040001300098Q 012015623828000173MARIA AUXILIADORA FARIAS CAMPOS         RUA CDTE. WALDIR BASTOS, N  238 - CONJ. PAZ            69049150MANAUS         AM0000000000000000                                                                       
1040001300099R 01000000000000000000000000000000000000000000000000108032017000000000003716                                                                                                                                                       
1040001300100P 01032050566883000000000000000000000000000011211PAR 021/058    0703201700000000018774200000002N0602201710803201700000000000006300000000000000000000000000000000000000000000000000000000000000000000000000100833001010090000000000 
1040001300101Q 011000001070473227WESLEY NASCIMENTO RABELO                RUA UM, N  166 QUADRA 2                 CONJ. CASTANHEI69086400MANAUS         AM0000000000000000                                                                       
1040001300102R 01000000000000000000000000000000000000000000000000108032017000000000003755                                                                                                                                                       
1040001300103P 01032050566883000000000000000000000000000011211ANU 001/002    0703201700000000132523400000002N0602201710803201700000000000044200000000000000000000000000000000000000000000000000000000000000000000000000101223001010090000000000 
1040001300104Q 011000001070473227WESLEY NASCIMENTO RABELO                RUA UM, N  166 QUADRA 2                 CONJ. CASTANHEI69086400MANAUS         AM0000000000000000                                                                       
1040001300105R 01000000000000000000000000000000000000000000000000108032017000000000026505                                                                                                                                                       
1040001300106P 01032050566883000000000000000000000000000011211PAR 025/036    1003201700000000031218800000002N0602201711103201700000000000010400000000000000000000000000000000000000000000000000000000000000000000000000017113001010090000000000 
1040001300107Q 011000082531455272WINSTON JUNIOR ZUMAETA MONCAYO          AV RIO NEGRO QUADRA 7 CASA 13  CONJUNTO NOSSA SRA DAS G69053040MANAUS         AM0000000000000000                                                                       
1040001300108R 01000000000000000000000000000000000000000000000000111032017000000000006244                                                                                                                                                       
1040001300109P 01032050566883000000000000000000000000000011211REP 013/070    1003201700000000025567100000002N0602201711103201700000000000008500000000000000000000000000000000000000000000000000000000000000000000000000349643001010090000000000 
1040001300110Q 011000070425973204CELIO DO CARMO COELHO                   RUA ARISTOFANO ANTONY, N  440           PETROPOLIS     69063300MANAUS         AM0000000000000000                                                                       
1040001300111R 01000000000000000000000000000000000000000000000000111032017000000000005113                                                                                                                                                       
1040001300112P 01032050566883000000000000000000000000000011211PAR 025/036    1003201700000000029953100000002N0602201711103201700000000000010000000000000000000000000000000000000000000000000000000000000000000000000000027303001010090000000000 
1040001300113Q 011000011993766200NEYLA DE FATIMA FREIRE AMAZONAS         AV VISCONDE DE CAMARAGIBE N  19 A  PARQUFLORES         69058700MANAUS         AM0000000000000000                                                                       
1040001300114R 01000000000000000000000000000000000000000000000000111032017000000000005991                                                                                                                                                       
1040001300115P 01032050566883000000000000000000000000000011211PAR 025/060    1003201700000000019035100000002N0602201711103201700000000000006300000000000000000000000000000000000000000000000000000000000000000000000000040593001010090000000000 
1040001300116Q 011000047334320204KLEBER DE ALMEIDA BARROSO               RUA ITUIUTABA N  663  REF: PROX A FABRICREDENCAO       69047030MANAUS         AM0000000000000000                                                                       
1040001300117R 01000000000000000000000000000000000000000000000000111032017000000000003807                                                                                                                                                       
1040001300118P 01032050566883000000000000000000000000000011211PAR 025/060    1003201700000000019035100000002N0602201711103201700000000000006300000000000000000000000000000000000000000000000000000000000000000000000000041273001010090000000000 
1040001300119Q 011000047334320204KLEBER DE ALMEIDA BARROSO               RUA ITUIUTABA N  663  REF: PROX A FABRICREDENCAO       69047030MANAUS         AM0000000000000000                                                                       
1040001300120R 01000000000000000000000000000000000000000000000000111032017000000000003807                                                                                                                                                       
1040001300121P 01032050566883000000000000000000000000000011211PAR 025/060    1003201700000000019035100000002N0602201711103201700000000000006300000000000000000000000000000000000000000000000000000000000000000000000000043803001010090000000000 
1040001300122Q 011000051105195287HERMES SILVA SANTOS                     RUA FRANCISCO LOUREIRO, N  185 - COND. TPONTA NEGRA    69037043MANAUS         AM0000000000000000                                                                       
1040001300123R 01000000000000000000000000000000000000000000000000111032017000000000003807                                                                                                                                                       
1040001300124P 01032050566883000000000000000000000000000011211PAR 026/060    1003201700000000018511800000002N0602201711103201700000000000006200000000000000000000000000000000000000000000000000000000000000000000000000053133001010090000000000 
1040001300125Q 011000040550737200ELISSANDRO AMORIM BESSA                 AV. DO CETUR  CASA 09 COND. VERTENTES 49TARUMA         69022155MANAUS         AM0000000000000000                                                                       
1040001300126R 01000000000000000000000000000000000000000000000000111032017000000000003702                                                                                                                                                       
1040001300127P 01032050566883000000000000000000000000000011211PAR 024/060    1003201700000000018917800000002N0602201711103201700000000000006300000000000000000000000000000000000000000000000000000000000000000000000000072463001010090000000000 
1040001300128Q 011000056735995104MARCOS ANTONIO DOCIATTI                 RUA CONSTELACAO DE GEMEOS N  359 ROCKENBALEIXO         69083010MANAUS         AM0000000000000000                                                                       
1040001300129R 01000000000000000000000000000000000000000000000000111032017000000000003784                                                                                                                                                       
1040001300130P 01032050566883000000000000000000000000000011211PAR 024/060    1003201700000000018917800000002N0602201711103201700000000000006300000000000000000000000000000000000000000000000000000000000000000000000000084443001010090000000000 
1040001300131Q 011000060539127604MARCO ANTONIO DA SILVA                  RUA RODOLPHO VALE, N  94 CONJ. JURUA    ALVORADA       69048326MANAUS         AM0000000000000000                                                                       
1040001300132R 01000000000000000000000000000000000000000000000000111032017000000000003784                                                                                                                                                       
1040001300133P 01032050566883000000000000000000000000000011211REP 012/049    1003201700000000004547000000002N0602201711103201700000000000001500000000000000000000000000000000000000000000000000000000000000000000000000258533001010090000000000 
1040001300134Q 011000060539127604MARCO ANTONIO DA SILVA                  RUA RODOLPHO VALE, N  94 CONJ. JURUA    ALVORADA       69048326MANAUS         AM0000000000000000                                                                       
1040001300135R 01000000000000000000000000000000000000000000000000111032017000000000000909                                                                                                                                                       
1040001300136P 01032050566883000000000000000000000000000011211PAR 024/060    1003201700000000019723300000002N0602201711103201700000000000006600000000000000000000000000000000000000000000000000000000000000000000000000085073001010090000000000 
1040001300137Q 011000060539127604MARCO ANTONIO DA SILVA                  RUA RODOLPHO VALE, N  94 CONJ. JURUA    ALVORADA       69048326MANAUS         AM0000000000000000                                                                       
1040001300138R 01000000000000000000000000000000000000000000000000111032017000000000003945                                                                                                                                                       
1040001300139P 01032050566883000000000000000000000000000011211REP 012/049    1003201700000000004740800000002N0602201711103201700000000000001600000000000000000000000000000000000000000000000000000000000000000000000000258043001010090000000000 
1040001300140Q 011000060539127604MARCO ANTONIO DA SILVA                  RUA RODOLPHO VALE, N  94 CONJ. JURUA    ALVORADA       69048326MANAUS         AM0000000000000000                                                                       
1040001300141R 01000000000000000000000000000000000000000000000000111032017000000000000948                                                                                                                                                       
1040001300142P 01032050566883000000000000000000000000000011211PAR 016/052    1003201700000000018774200000002N0602201711103201700000000000006300000000000000000000000000000000000000000000000000000000000000000000000000104573001010090000000000 
1040001300143Q 011000093402597268MARCELO DA SILVA COLARES FILHO          RUA MACEIO, N  54                       ADRIANOPOLIS   69057010MANAUS         AM0000000000000000                                                                       
1040001300144R 01000000000000000000000000000000000000000000000000111032017000000000003755                                                                                                                                                       
1040001300145P 01032050566883000000000000000000000000000011211ANU 001/002    1003201700000000132523400000002N0602201711103201700000000000044200000000000000000000000000000000000000000000000000000000000000000000000000104953001010090000000000 
1040001300146Q 011000093402597268MARCELO DA SILVA COLARES FILHO          RUA MACEIO, N  54                       ADRIANOPOLIS   69057010MANAUS         AM0000000000000000                                                                       
1040001300147R 01000000000000000000000000000000000000000000000000111032017000000000026505                                                                                                                                                       
1040001300148P 01032050566883000000000000000000000000000011211PAR 022/060    1003201700000000018723500000002N0602201711103201700000000000006200000000000000000000000000000000000000000000000000000000000000000000000000112453001010090000000000 
1040001300149Q 011000009868044790RUY MELGACO LUCAS DE JESUS              RUA SAO JOSE N  78 VILA MILITAR CASA 04 SAO JORGE      69033000MANAUS         AM0000000000000000                                                                       
1040001300150R 01000000000000000000000000000000000000000000000000111032017000000000003745                                                                                                                                                       
1040001300151P 01032050566883000000000000000000000000000011211PAR 022/060    1003201700000000018723500000002N0602201711103201700000000000006200000000000000000000000000000000000000000000000000000000000000000000000000113113001010090000000000 
1040001300152Q 011000047057300387EMILIA FERRAZ CARVALHO MOREIRA          AV CEL TEIXEIRA COND. RESD. ARARAS AZUISPONTA NEGRA    69037000MANAUS         AM0000000000000000                                                                       
1040001300153R 01000000000000000000000000000000000000000000000000111032017000000000003745                                                                                                                                                       
1040001300154P 01032050566883000000000000000000000000000011211PAR 022/060    1003201700000000018723500000002N0602201711103201700000000000006200000000000000000000000000000000000000000000000000000000000000000000000000114413001010090000000000 
1040001300155Q 011000083349510191ROGERIO RIBEIRO DE SOUSA                CONJ. ELDORADO, RUA G 41                PARQUE 10 DE NO69050220MANAUS         AM0000000000000000                                                                       
1040001300156R 01000000000000000000000000000000000000000000000000111032017000000000003745                                                                                                                                                       
1040001300157P 01032050566883000000000000000000000000000011211PAR 021/060    1003201700000000018328000000002N0602201711103201700000000000006100000000000000000000000000000000000000000000000000000000000000000000000000134743001010090000000000 
1040001300158Q 011000033789363200LIONEY NOBRE CABRAL                     RUA 6 QUADRA F, CASA 181 CONJ. RIO MARACFLORES         69028306MANAUS         AM0000000000000000                                                                       
1040001300159R 01000000000000000000000000000000000000000000000000111032017000000000003666                                                                                                                                                       
1040001300160P 01032050566883000000000000000000000000000011211PAR 021/060    1003201700000000018328000000002N0602201711103201700000000000006100000000000000000000000000000000000000000000000000000000000000000000000000136653001010090000000000 
1040001300161Q 011000033789363200LIONEY NOBRE CABRAL                     RUA 6 QUADRA F, CASA 181 CONJ. RIO MARACFLORES         69028306MANAUS         AM0000000000000000                                                                       
1040001300162R 01000000000000000000000000000000000000000000000000111032017000000000003666                                                                                                                                                       
1040001300163P 01032050566883000000000000000000000000000011211PAR 017/060    1003201700000000018132100000002N0602201711103201700000000000006000000000000000000000000000000000000000000000000000000000000000000000000000146953001010090000000000 
1040001300164Q 011000047634081272LAURA PATRICIA DA COSTA SILVA           RUA 119, QD 226, NUCLEO 11 01           CIDADE NOVA    69096500MANAUS         AM0000000000000000                                                                       
1040001300165R 01000000000000000000000000000000000000000000000000111032017000000000003626                                                                                                                                                       
1040001300166P 01032050566883000000000000000000000000000011211PAR 008/060    1003201700000000020088400000002N0602201711103201700000000000006700000000000000000000000000000000000000000000000000000000000000000000000000287933001010090000000000 
1040001300167Q 011000011272228215ENILDE LOPES MEDEIROS DA SILVA          RUA UIRAPURU, N  27 QD 54, -27          CIDADE NOVA I  69095050MANAUS         AM0000000000000000                                                                       
1040001300168R 01000000000000000000000000000000000000000000000000111032017000000000004018                                                                                                                                                       
1040001300169P 01032050566883000000000000000000000000000011211PAR 004/060    1003201700000000018469900000002N0602201711103201700000000000006200000000000000000000000000000000000000000000000000000000000000000000000000295633001010090000000000 
1040001300170Q 011000009993258253MARIA DE LA SALETT LOPES DE OLIVEIRA    RUA LAGO ERIE, QUADRA 05, QD 07 05      CIDADE NOVA    69090637MANAUS         AM0000000000000000                                                                       
1040001300171R 01000000000000000000000000000000000000000000000000111032017000000000003694                                                                                                                                                       
1040001300172P 01032050566883000000000000000000000000000011211PAR 002/072    1003201700000000017135200000002N0602201711103201700000000000005700000000000000000000000000000000000000000000000000000000000000000000000000303923001010090000000000 
1040001300173Q 011000032086652291FREUD VANDEMBERG PAIVA DOS SANTOS       RUA B -O MONTEIRO I  BL06 404           CIDADE NOVA    69099062MANAUS         AM0000000000000000                                                                       
1040001300174R 01000000000000000000000000000000000000000000000000111032017000000000003427                                                                                                                                                       
1040001300175P 01032050566883000000000000000000000000000011211ANU 002/003    1203201700000000130672100000002N0602201711303201700000000000043600000000000000000000000000000000000000000000000000000000000000000000000000357323001010090000000000 
1040001300176Q 011000040550737200ELISSANDRO AMORIM BESSA                 AV. DO CETUR  CASA 09 COND. VERTENTES 49TARUMA         69022155MANAUS         AM0000000000000000                                                                       
1040001300177R 01000000000000000000000000000000000000000000000000113032017000000000026134                                                                                                                                                       
1040001300178P 01032050566883000000000000000000000000000011211PAR 025/036    1503201700000000029953100000002N0602201711603201700000000000010000000000000000000000000000000000000000000000000000000000000000000000000000016383001010090000000000 
1040001300179Q 011000074971280278FERNANDA KAROLINA ALMEIDA PORTELA       AV. J 88                                ALVORADA II    69042210MANAUS         AM0000000000000000                                                                       
1040001300180R 01000000000000000000000000000000000000000000000000116032017000000000005991                                                                                                                                                       
1040001300181P 01032050566883000000000000000000000000000011211PAR 020/056    1503201700000000019035100000002N0602201711603201700000000000006300000000000000000000000000000000000000000000000000000000000000000000000000020803001010090000000000 
1040001300182Q 011000073062740230LUZIA CORREA DA SILVA                   RUA JANUARIO N  14 VILA DA PRATA        VILA DA PRATA  69033000MANAUS         AM0000000000000000                                                                       
1040001300183R 01000000000000000000000000000000000000000000000000116032017000000000003807                                                                                                                                                       
1040001300184P 01032050566883000000000000000000000000000011211REP 006/012    1503201700000000011514300000002N0602201711603201700000000000003800000000000000000000000000000000000000000000000000000000000000000000000000298023001010090000000000 
1040001300185Q 011000073062740230LUZIA CORREA DA SILVA                   RUA JANUARIO N  14 VILA DA PRATA        VILA DA PRATA  69033000MANAUS         AM0000000000000000                                                                       
1040001300186R 01000000000000000000000000000000000000000000000000116032017000000000002303                                                                                                                                                       
1040001300187P 01032050566883000000000000000000000000000011211PAR 025/060    1503201700000000019035100000002N0602201711603201700000000000006300000000000000000000000000000000000000000000000000000000000000000000000000022233001010090000000000 
1040001300188Q 011000064818144215MARCIO DA SILVA FREITAS                 RUA CAMBIXE N  95                       SAO JOSE OPERAR69085050MANAUS         AM0000000000000000                                                                       
1040001300189R 01000000000000000000000000000000000000000000000000116032017000000000003807                                                                                                                                                       
1040001300190P 01032050566883000000000000000000000000000011211PAR 025/060    1503201700000000019035100000002N0602201711603201700000000000006300000000000000000000000000000000000000000000000000000000000000000000000000023543001010090000000000 
1040001300191Q 011000046436766200FLAVIANA FARIAS DA SILVA                RUA CACAU PIRERA N  22 B                SAO JOSE DO OPE69085040MANAUS         AM0000000000000000                                                                       
1040001300192R 01000000000000000000000000000000000000000000000000116032017000000000003807                                                                                                                                                       
1040001300193P 01032050566883000000000000000000000000000011211PAR 025/060    1503201700000000019035100000002N0602201711603201700000000000006300000000000000000000000000000000000000000000000000000000000000000000000000030353001010090000000000 
1040001300194Q 011000079515525268VICTOR NOBRE ROSAS                      AV. CYRILLO NEVES, N  1280, BL. TULIPA ACOMPENSA       69035350MANAUS         AM0000000000000000                                                                       
1040001300195R 01000000000000000000000000000000000000000000000000116032017000000000003807                                                                                                                                                       
1040001300196P 01032050566883000000000000000000000000000011211REP 008/013    1503201700000000023765900000002N0602201711603201700000000000007900000000000000000000000000000000000000000000000000000000000000000000000000293973001010090000000000 
1040001300197Q 011000034508929249MARIA NILSE DE OLIVEIRA CARNEIRO        RUA CLAUDE DEBUSSY N  6 Q F  CJ SHANGRILPARQUE 10 DE NO69054736MANAUS         AM0000000000000000                                                                       
1040001300198R 01000000000000000000000000000000000000000000000000116032017000000000004753                                                                                                                                                       
1040001300199P 01032050566883000000000000000000000000000011211PAR 024/036    1503201700000000030331800000002N0602201711603201700000000000010100000000000000000000000000000000000000000000000000000000000000000000000000096483001010090000000000 
1040001300200Q 011000043579248200ELISANGELA GUIMARAES PINHEIRO           RUA BARAO DO RIO BRANCO, BL 5A APT.: 203FLORES         69058160MANAUS         AM0000000000000000                                                                       
1040001300201R 01000000000000000000000000000000000000000000000000116032017000000000006066                                                                                                                                                       
1040001300202P 01032050566883000000000000000000000000000011211PAR 025/060    1503201700000000018917800000002N0602201711603201700000000000006300000000000000000000000000000000000000000000000000000000000000000000000000085723001010090000000000 
1040001300203Q 011000056389027249JUREMA CRISTINA VIEGAS BRANDAO DE OLIVEIAVCOMENDADOR JOSE CRUZ N 580 AP 401 BL20LAGO AZUL      69018150MANAUS         AM0000000000000000                                                                       
1040001300204R 01000000000000000000000000000000000000000000000000116032017000000000003784                                                                                                                                                       
1040001300205P 01032050566883000000000000000000000000000011211PAR 023/036    1503201700000000030872200000002N0602201711603201700000000000010300000000000000000000000000000000000000000000000000000000000000000000000000103783001010090000000000 
1040001300206Q 011000081693729687DANIELLA KARINA KANDA REBELLO           RUA PLANETA URANO, N  243 AT.: 1104  ED.ALEIXO         69060069MANAUS         AM0000000000000000                                                                       
1040001300207R 01000000000000000000000000000000000000000000000000116032017000000000006174                                                                                                                                                       
1040001300208P 01032050566883000000000000000000000000000011211PAR 021/060    1503201700000000019182200000002N0602201711603201700000000000006400000000000000000000000000000000000000000000000000000000000000000000000000127423001010090000000000 
1040001300209Q 011000065414330204MARISTELA LANGE                         AV JOAO VALERIO N  664 CD LUIZA NOGUEIRANOSSA SENHORA D69053140MANAUS         AM0000000000000000                                                                       
1040001300210R 01000000000000000000000000000000000000000000000000116032017000000000003836                                                                                                                                                       
1040001300211P 01032050566883000000000000000000000000000011211PAR 021/060    1503201700000000018541700000002N0602201711603201700000000000006200000000000000000000000000000000000000000000000000000000000000000000000000128093001010090000000000 
1040001300212Q 011000015763347838ROGERIO HIROTAKE KOBAYASHI              AV JOAO VALERIO N  664 CD LUIZA NOGUEIRANOSSA SENHORA D69053140MANAUS         AM0000000000000000                                                                       
1040001300213R 01000000000000000000000000000000000000000000000000116032017000000000003708                                                                                                                                                       
1040001300214P 01032050566883000000000000000000000000000011211PAR 018/036    1503201700000000029072000000002N0602201711603201700000000000009700000000000000000000000000000000000000000000000000000000000000000000000000149613001010090000000000 
1040001300215Q 011000093820569200FELIPE PEREIRA REGIS DE ALMEIDA         RUA BRASIL 777                          COMPENSA I     69030020MANAUS         AM0000000000000000                                                                       
1040001300216R 01000000000000000000000000000000000000000000000000116032017000000000005814                                                                                                                                                       
1040001300217P 01032050566883000000000000000000000000000011211REP 004/010    1503201700000000013258400000002N0602201711603201700000000000004400000000000000000000000000000000000000000000000000000000000000000000000000298613001010090000000000 
1040001300218Q 011000034430024200ANTONIO MARCOS LIMA DE AMORIM           RUA MONTE CASTELO, N. 169A              JAPIIM         69078510MANAUS         AM0000000000000000                                                                       
1040001300219R 01000000000000000000000000000000000000000000000000116032017000000000002652                                                                                                                                                       
1040001300220P 01032050566883000000000000000000000000000011211PAR 006/060    1503201700000000018814500000002N0602201711603201700000000000006300000000000000000000000000000000000000000000000000000000000000000000000000287093001010090000000000 
1040001300221Q 011000058507949215FABIO RIBEIRO DA SILVA                  RUA DA PROSPERIDADE, QD C CJ.ALVARO NEVEDOM PEDRO I    69040745MANAUS         AM0000000000000000                                                                       
1040001300222R 01000000000000000000000000000000000000000000000000116032017000000000003763                                                                                                                                                       
1040001300223P 01032050566883000000000000000000000000000011211ENT 004/005    1503201700000000040370500000002N0602201711603201700000000000013500000000000000000000000000000000000000000000000000000000000000000000000000325203001010090000000000 
1040001300224Q 011000051897601204WILLIAM DOUGLAS DOS SANTOS              RUA BEATRIZ PORTINARI N  698 698        JAPIIM         69078520MANAUS         AM0000000000000000                                                                       
1040001300225R 01000000000000000000000000000000000000000000000000116032017000000000008074                                                                                                                                                       
1040001300226P 01032050566883000000000000000000000000000011211PAR 025/060    1603201700000000019035100000002N0602201711703201700000000000006300000000000000000000000000000000000000000000000000000000000000000000000000046493001010090000000000 
1040001300227Q 011000055937691253MARIZA MELO DA SILVA CHAVES             RUA TUPINAMBA, N  33 VILA DA PRATA      SAO JORGE      69033690MANAUS         AM0000000000000000                                                                       
1040001300228R 01000000000000000000000000000000000000000000000000117032017000000000003807                                                                                                                                                       
1040001300229P 01032050566883000000000000000000000000000011211PAR 024/036    1603201700000000029768300000002N0602201711703201700000000000009900000000000000000000000000000000000000000000000000000000000000000000000000089183001010090000000000 
1040001300230Q 011000048494852353PAULO CESAR NEVES FEITOSA               RUA LEOPOLDO NEVES N  240               SANTO ANTONIO  69029010MANAUS         AM0000000000000000                                                                       
1040001300231R 01000000000000000000000000000000000000000000000000117032017000000000005954                                                                                                                                                       
1040001300232P 01032050566883000000000000000000000000000011211PAR 024/060    1703201700000000018774200000002N0602201711803201700000000000006300000000000000000000000000000000000000000000000000000000000000000000000000101483001010090000000000 
1040001300233Q 011000065856384253CARLOS HENRIQUE ROCHA QUINDERE          RUA B11, CONJ AJURICABA 615 A           PLANALTO       69045430MANAUS         AM0000000000000000                                                                       
1040001300234R 01000000000000000000000000000000000000000000000000118032017000000000003755                                                                                                                                                       
1040001300235P 01032050566883000000000000000000000000000011211PAR 018/060    1703201700000000018132100000002N0602201711803201700000000000006000000000000000000000000000000000000000000000000000000000000000000000000000147623001010090000000000 
1040001300236Q 011000031020038268IVANCY AFONSO LIMA DE AZEVEDO           RUA 01 CONJUNTO BEIJA FLOR 28           FLORES         69028320MANAUS         AM0000000000000000                                                                       
1040001300237R 01000000000000000000000000000000000000000000000000118032017000000000003626                                                                                                                                                       
1040001300238P 01032050566883000000000000000000000000000011211PAR 018/060    1903201700000000019780400000002N0602201712003201700000000000006600000000000000000000000000000000000000000000000000000000000000000000000000158043001010090000000000 
1040001300239Q 011000076573656253JORGE DE ALMEIDA BRITO JUNIOR           RUA DUARTE DA COSTA 255                 DOM PEDRO      69040670MANAUS         AM0000000000000000                                                                       
1040001300240R 01000000000000000000000000000000000000000000000000120032017000000000003956                                                                                                                                                       
1040001300241P 01032050566883000000000000000000000000000011211PAR 025/060    2003201700000000018917700000002N0602201712103201700000000000006300000000000000000000000000000000000000000000000000000000000000000000000000066713001010090000000000 
1040001300242Q 011000098739492249ANDERSON BARROSO GRIMM                  RUA AMA, N  19 QUADRA 46                PLANALTO       69045000MANAUS         AM0000000000000000                                                                       
1040001300243R 01000000000000000000000000000000000000000000000000121032017000000000003784                                                                                                                                                       
1040001300244P 01032050566883000000000000000000000000000011211PAR 025/060    2003201700000000018917700000002N0602201712103201700000000000006300000000000000000000000000000000000000000000000000000000000000000000000000067353001010090000000000 
1040001300245Q 011000098739492249ANDERSON BARROSO GRIMM                  RUA AMA, N  19 QUADRA 46                PLANALTO       69045000MANAUS         AM0000000000000000                                                                       
1040001300246R 01000000000000000000000000000000000000000000000000121032017000000000003784                                                                                                                                                       
1040001300247P 01032050566883000000000000000000000000000011211PAR 025/060    2003201700000000018917700000002N0602201712103201700000000000006300000000000000000000000000000000000000000000000000000000000000000000000000067993001010090000000000 
1040001300248Q 011000001000621219THAMARA GRIMM MONIZ FERREIRA            RUA GUAPIMIRIM, N  43 - CONJ.CIDADE NOVACIDADE NOVA    69090060MANAUS         AM0000000000000000                                                                       
1040001300249R 01000000000000000000000000000000000000000000000000121032017000000000003784                                                                                                                                                       
1040001300250P 01032050566883000000000000000000000000000011211PAR 024/060    2003201700000000017559300000002N0602201712103201700000000000005900000000000000000000000000000000000000000000000000000000000000000000000000102123001010090000000000 
1040001300251Q 011000032077416220AYLECIA MARIA MOREIRA LEAO COELHO       AV. DO CETUR, N  499 CASA 220  COND. VERTARUMA         69022155MANAUS         AM0000000000000000                                                                       
1040001300252R 01000000000000000000000000000000000000000000000000121032017000000000003512                                                                                                                                                       
1040001300253P 01032050566883000000000000000000000000000011211REP 005/041    2003201700000000009111600000002N0602201712103201700000000000003000000000000000000000000000000000000000000000000000000000000000000000000000312023001010090000000000 
1040001300254Q 011000093402597268MARCELO DA SILVA COLARES FILHO          RUA MACEIO, N  54                       ADRIANOPOLIS   69057010MANAUS         AM0000000000000000                                                                       
1040001300255R 01000000000000000000000000000000000000000000000000121032017000000000001822                                                                                                                                                       
1040001300256P 01032050566883000000000000000000000000000011211PAR 021/060    2003201700000000018541700000002N0602201712103201700000000000006200000000000000000000000000000000000000000000000000000000000000000000000000124773001010090000000000 
1040001300257Q 011000043676316215IVENE ALMEIDA RAMOS                     CONJUNTO TOCANTINS N  112  BLOCO 19 C   CHAPADA        69050110MANAUS         AM0000000000000000                                                                       
1040001300258R 01000000000000000000000000000000000000000000000000121032017000000000003708                                                                                                                                                       
1040001300259P 01032050566883000000000000000000000000000011211PAR 019/060    2003201700000000018132100000002N0602201712103201700000000000006000000000000000000000000000000000000000000000000000000000000000000000000000151913001010090000000000 
1040001300260Q 011000063810590282NIVIA SHEILA PANTOJA NUNES              RUA SANTA CECILIA 09                    COLONIA SANTO A69093210MANAUS         AM0000000000000000                                                                       
1040001300261R 01000000000000000000000000000000000000000000000000121032017000000000003626                                                                                                                                                       
1040001300262P 01032050566883000000000000000000000000000011211PAR 017/060    2003201700000000018007700000002N0602201712103201700000000000006000000000000000000000000000000000000000000000000000000000000000000000000000165723001010090000000000 
1040001300263Q 011000034806512249JORGE ANTONIO DOS SANTOS DIBO           AV DO CETUR, CASA 244 COND VERTENTES DO TARUMA         69022155MANAUS         AM0000000000000000                                                                       
1040001300264R 01000000000000000000000000000000000000000000000000121032017000000000003602                                                                                                                                                       
1040001300265P 01032050566883000000000000000000000000000011211PAR 017/060    2003201700000000018007700000002N0602201712103201700000000000006000000000000000000000000000000000000000000000000000000000000000000000000000166353001010090000000000 
1040001300266Q 011000034806512249JORGE ANTONIO DOS SANTOS DIBO           AV DO CETUR, CASA 244 COND VERTENTES DO TARUMA         69022155MANAUS         AM0000000000000000                                                                       
1040001300267R 01000000000000000000000000000000000000000000000000121032017000000000003602                                                                                                                                                       
1040001300268P 01032050566883000000000000000000000000000011211PAR 015/060    2003201700000000021481900000002N0602201712103201700000000000007200000000000000000000000000000000000000000000000000000000000000000000000000226893001010090000000000 
1040001300269Q 011000003818908800NELSON SILVA DE FREITAS                 AV PROFESSOR NILTON LINS, 600 BL 4B APT FLORES         69058030MANAUS         AM0000000000000000                                                                       
1040001300270R 01000000000000000000000000000000000000000000000000121032017000000000004296                                                                                                                                                       
1040001300271P 01032050566883000000000000000000000000000011211PAR 016/060    2303201700000000022423700000002N0602201712403201700000000000007500000000000000000000000000000000000000000000000000000000000000000000000000235003001010090000000000 
1040001300272Q 011000052730735291RICARDO LIMA DE CASTRO                  RUA JOSE ROMAO, COND PARQUE VERDE BL6 APSAO JOSE OPERAR69085255MANAUS         AM0000000000000000                                                                       
1040001300273R 01000000000000000000000000000000000000000000000000124032017000000000004485                                                                                                                                                       
1040001300274P 01032050566883000000000000000000000000000011211REP 013/022    2503201700000000010064100000002N0602201712603201700000000000003400000000000000000000000000000000000000000000000000000000000000000000000000358213001010090000000000 
1040001300275Q 011000056735995104MARCOS ANTONIO DOCIATTI                 RUA CONSTELACAO DE GEMEOS N  359 ROCKENBALEIXO         69083010MANAUS         AM0000000000000000                                                                       
1040001300276R 01000000000000000000000000000000000000000000000000126032017000000000002013                                                                                                                                                       
1040001300277P 01032050566883000000000000000000000000000011211PAR 019/060    2503201700000000019114400000002N0602201712603201700000000000006400000000000000000000000000000000000000000000000000000000000000000000000000137913001010090000000000 
1040001300278Q 011000024084220272MARLENE OLIVEIRA DA SILVA               AV JOAO VALERIO, 800 GAL ADELIA SL 4    NOSSA S DAS GRA69053140MANAUS         AM0000000000000000                                                                       
1040001300279R 01000000000000000000000000000000000000000000000000126032017000000000003823                                                                                                                                                       
1040001300280P 01032050566883000000000000000000000000000011211PAR 025/060    2603201700000000019035100000002N0602201712703201700000000000006300000000000000000000000000000000000000000000000000000000000000000000000000039903001010090000000000 
1040001300281Q 011000094331871215ELTON RODRIGUES CALADO                  AV. CONSTANTINO NERY, N  2533 APT.: 1004SAO GERALDO    69050000MANAUS         AM0000000000000000                                                                       
1040001300282R 01000000000000000000000000000000000000000000000000127032017000000000003807                                                                                                                                                       
1040001300283P 01032050566883000000000000000000000000000011211PAR 024/060    2603201700000000018917800000002N0602201712703201700000000000006300000000000000000000000000000000000000000000000000000000000000000000000000090263001010090000000000 
1040001300284Q 011000047364327215MARIA LEONILDA SILVA NASCIMENTO         RUA CRISTOVAO COLOMBO, N  05            NOVA ESPERANCA 69037549MANAUS         AM0000000000000000                                                                       
1040001300285R 01000000000000000000000000000000000000000000000000127032017000000000003784                                                                                                                                                       
1040001300286P 01032050566883000000000000000000000000000011211PAR 021/054    2603201700000000026813700000002N0602201712703201700000000000008900000000000000000000000000000000000000000000000000000000000000000000000000110563001010090000000000 
1040001300287Q 011000061305553268JANAINA CARVALHO DA SILVA RODRIGUES     R GOIAS, N. 28, COND. THE CLUB - TOR BARPARQUE DAS LARA69058411MANAUS         AM0000000000000000                                                                       
1040001300288R 01000000000000000000000000000000000000000000000000127032017000000000005363                                                                                                                                                       
1040001300289P 01032050566883000000000000000000000000000011211PAR 022/060    2603201700000000018723500000002N0602201712703201700000000000006200000000000000000000000000000000000000000000000000000000000000000000000000111823001010090000000000 
1040001300290Q 011000003915348660CARLOS ETIENE FERNANDES LAGES           RUA YOKOHAMA CJ JARDIM ORIENTE 00021 B  PARQUE DEZ     69054298MANAUS         AM0000000000000000                                                                       
1040001300291R 01000000000000000000000000000000000000000000000000127032017000000000003745                                                                                                                                                       
1040001300292P 01032050566883000000000000000000000000000011211REP 002/003    2703201700000000012241700000002N0602201712803201700000000000004100000000000000000000000000000000000000000000000000000000000000000000000000350413001010090000000000 
1040001300293Q 012015623828000173MARIA AUXILIADORA FARIAS CAMPOS         RUA CDTE. WALDIR BASTOS, N  238 - CONJ. PAZ            69049150MANAUS         AM0000000000000000                                                                       
1040001300294R 01000000000000000000000000000000000000000000000000128032017000000000002448                                                                                                                                                       
1040001300295P 01032050566883000000000000000000000000000011211PAR 019/055    2703201700000000017706400000002N0602201712803201700000000000005900000000000000000000000000000000000000000000000000000000000000000000000000174953001010090000000000 
1040001300296Q 011000084394218268VITOR FREIRE DA COSTA                   RUA GUAPOREMA, N  51 CASA 5 - CONJ. CIDACIDADE NOVA    69090390MANAUS         AM0000000000000000                                                                       
1040001300297R 01000000000000000000000000000000000000000000000000128032017000000000003541                                                                                                                                                       
1040001300298P 01032050566883000000000000000000000000000011211REP 006/009    2703201700000000015927600000002N0602201712803201700000000000005300000000000000000000000000000000000000000000000000000000000000000000000000298213001010090000000000 
1040001300299Q 011000084394218268VITOR FREIRE DA COSTA                   RUA GUAPOREMA, N  51 CASA 5 - CONJ. CIDACIDADE NOVA    69090390MANAUS         AM0000000000000000                                                                       
1040001300300R 01000000000000000000000000000000000000000000000000128032017000000000003186                                                                                                                                                       
1040001300301P 01032050566883000000000000000000000000000011211PAR 026/060    2803201700000000019035100000002N0602201712903201700000000000006300000000000000000000000000000000000000000000000000000000000000000000000000031013001010090000000000 
1040001300302Q 011000059999861253TEREZINHA COUTINHO BARROSO              AV. CAMAPUA, N 200                     CIDADE NOVAII  69097720MANAUS         AM0000000000000000                                                                       
1040001300303R 01000000000000000000000000000000000000000000000000129032017000000000003807                                                                                                                                                       
1040001300304P 01032050566883000000000000000000000000000011211PAR 022/060    2803201700000000018723500000002N0602201712903201700000000000006200000000000000000000000000000000000000000000000000000000000000000000000000122843001010090000000000 
1040001300305Q 011000093344856200DIEGO MELO CRUZ                         AV CONSTANTINO NERY N  651 CASA C       CENTRO         69010010MANAUS         AM0000000000000000                                                                       
1040001300306R 01000000000000000000000000000000000000000000000000129032017000000000003745                                                                                                                                                       
1040001300307P 01032050566883000000000000000000000000000011211PAR 025/060    3003201700000000019035100000002N0602201713103201700000000000006300000000000000000000000000000000000000000000000000000000000000000000000000018853001010090000000000 
1040001300308Q 011000043889662234RAQUEL LIMA DOS SANTOS ALMEIDA          RUA ANTURIO CRISTALINO N  2128          REDENCAO       69047042MANAUS         AM0000000000000000                                                                       
1040001300309R 01000000000000000000000000000000000000000000000000131032017000000000003807                                                                                                                                                       
1040001300310P 01032050566883000000000000000000000000000011211PAR 026/060    3003201700000000019035100000002N0602201713103201700000000000006300000000000000000000000000000000000000000000000000000000000000000000000000024193001010090000000000 
1040001300311Q 011000021453128204IVALDO FRANK REIS MONTEIRO              AV. TORQUATO TAPAJOS N 6000 BL. 26 APT.:FLORES         69058830MANAUS         AM0000000000000000                                                                       
1040001300312R 01000000000000000000000000000000000000000000000000131032017000000000003807                                                                                                                                                       
1040001300313P 01032050566883000000000000000000000000000011211PAR 025/036    3003201700000000031229700000002N0602201713103201700000000000010400000000000000000000000000000000000000000000000000000000000000000000000000025973001010090000000000 
1040001300314Q 011000024027111249RAMADAN DA COSTA SAID                   AV. VIA L SUL-A, N  06 QD. 1            COMPENSA       69036500MANAUS         AM0000000000000000                                                                       
1040001300315R 01000000000000000000000000000000000000000000000000131032017000000000006246                                                                                                                                                       
1040001300316P 01032050566883000000000000000000000000000011211PAR 025/060    3003201700000000019035100000002N0602201713103201700000000000006300000000000000000000000000000000000000000000000000000000000000000000000000029703001010090000000000 
1040001300317Q 011000051799448215THIAGO NOBRE ROSAS                      RUA CEL. CIRILO NEVES, BL JASMIN AP 204 COMPENSA       69035350MANAUS         AM0000000000000000                                                                       
1040001300318R 01000000000000000000000000000000000000000000000000131032017000000000003807                                                                                                                                                       
1040001300319P 01032050566883000000000000000000000000000011211PAR 009/044    3003201700000000019035100000002N0602201713103201700000000000006300000000000000000000000000000000000000000000000000000000000000000000000000033803001010090000000000 
1040001300320Q 011000034508929249MARIA NILSE DE OLIVEIRA CARNEIRO        RUA CLAUDE DEBUSSY N  6 Q F  CJ SHANGRILPARQUE 10 DE NO69054736MANAUS         AM0000000000000000                                                                       
1040001300321R 01000000000000000000000000000000000000000000000000131032017000000000003807                                                                                                                                                       
1040001300322P 01032050566883000000000000000000000000000011211PAR 026/060    3003201700000000019035100000002N0602201713103201700000000000006300000000000000000000000000000000000000000000000000000000000000000000000000034533001010090000000000 
1040001300323Q 011000088422496291MONIKA DE NAZARE CARNEIRO               RUA RIO ITANNAUA, N  295                NOSSA SENHORA D69053540MANAUS         AM0000000000000000                                                                       
1040001300324R 01000000000000000000000000000000000000000000000000131032017000000000003807                                                                                                                                                       
1040001300325P 01032050566883000000000000000000000000000011211PAR 024/060    3003201700000000019035100000002N0602201713103201700000000000006300000000000000000000000000000000000000000000000000000000000000000000000000059213001010090000000000 
1040001300326Q 011000027364275215RICARDO PINTO ANTUNES COSTA             RUA 22, N  841 CONJ. CASTELO BRANCO     PARQUE 10 DE NO69055400MANAUS         AM0000000000000000                                                                       
1040001300327R 01000000000000000000000000000000000000000000000000131032017000000000003807                                                                                                                                                       
1040001300328P 01032050566883000000000000000000000000000011211PAR 025/060    3003201700000000018369900000002N0602201713103201700000000000006100000000000000000000000000000000000000000000000000000000000000000000000000059883001010090000000000 
1040001300329Q 011000005460131200HERMES GRIMM DA FONSECA                 RUA 03 BLOCO 24 APT.: D S/N - CONJ. ICA ADRIANOPOLIS   69057570MANAUS         AM0000000000000000                                                                       
1040001300330R 01000000000000000000000000000000000000000000000000131032017000000000003674                                                                                                                                                       
1040001300331P 01032050566883000000000000000000000000000011211PAR 025/036    3003201700000000029953100000002N0602201713103201700000000000010000000000000000000000000000000000000000000000000000000000000000000000000000064183001010090000000000 
1040001300332Q 011000090605985200RODRIGO PINHEIRO BRITO                  RUA TOMAZ DO AMARAL, ANTIGA ADERSON DE MPETROPOLIS     69067100MANAUS         AM0000000000000000                                                                       
1040001300333R 01000000000000000000000000000000000000000000000000131032017000000000005991                                                                                                                                                       
1040001300334P 01032050566883000000000000000000000000000011211PAR 021/048    3003201700000000023647200000002N0602201713103201700000000000007900000000000000000000000000000000000000000000000000000000000000000000000000070563001010090000000000 
1040001300335Q 011000024589667304FRANCISCA AURENI MARQUES                RUA PROFESSOR SAMUEL BENCHIMOL N  641 BLPQ 10 DE NOVEMB69055705MANAUS         AM0000000000000000                                                                       
1040001300336R 01000000000000000000000000000000000000000000000000131032017000000000004729                                                                                                                                                       
1040001300337P 01032050566883000000000000000000000000000011211PAR 025/060    3003201700000000019735000000002N0602201713103201700000000000006600000000000000000000000000000000000000000000000000000000000000000000000000080743001010090000000000 
1040001300338Q 011000043648576291HEIDER CLAUDER BAYMA DE ARAUJO          RUA MONTE CASTELO, N  13                NOVA ESPERANCA 69038276MANAUS         AM0000000000000000                                                                       
1040001300339R 01000000000000000000000000000000000000000000000000131032017000000000003947                                                                                                                                                       
1040001300340P 01032050566883000000000000000000000000000011211PAR 025/060    3003201700000000018917800000002N0602201713103201700000000000006300000000000000000000000000000000000000000000000000000000000000000000000000083163001010090000000000 
1040001300341Q 011000065739426200MARLICE MOREIRA BASTOS                  RUA NOVA, N  46                         SANTO AGOSTINHO69036532MANAUS         AM0000000000000000                                                                       
1040001300342R 01000000000000000000000000000000000000000000000000131032017000000000003784                                                                                                                                                       
1040001300343P 01032050566883000000000000000000000000000011211PAR 024/060    3003201700000000018917800000002N0602201713103201700000000000006300000000000000000000000000000000000000000000000000000000000000000000000000091583001010090000000000 
1040001300344Q 011000061428540210MARINALDO NAZARE DA COSTA               AV. PROFESSOR JANUARIO NAZARE, N 1 LOT. CENTRO         69440000ANORI          AM0000000000000000                                                                       
1040001300345R 01000000000000000000000000000000000000000000000000131032017000000000003784                                                                                                                                                       
1040001300346P 01032050566883000000000000000000000000000011211PAR 024/036    3003201700000000015177000000002N0602201713103201700000000000005100000000000000000000000000000000000000000000000000000000000000000000000000104193001010090000000000 
1040001300347Q 011000031409687287CREMILDA FERREIRA SILVINO DA COSTA      AV. CORONEL TEIXEIRA S/N, COND. AYAPUA, COMPENSA       69035510MANAUS         AM0000000000000000                                                                       
1040001300348R 01000000000000000000000000000000000000000000000000131032017000000000003035                                                                                                                                                       
1040001300349P 01032050566883000000000000000000000000000011211PAR 022/060    3003201700000000018723500000002N0602201713103201700000000000006200000000000000000000000000000000000000000000000000000000000000000000000000117703001010090000000000 
1040001300350Q 011000084441712200THIAGO AZEVEDO GOMES                    AV. SENADOR ALVARO MAIA, N  1563 APARTAMADRIANOPOLIS   69057035MANAUS         AM0000000000000000                                                                       
1040001300351R 01000000000000000000000000000000000000000000000000131032017000000000003745                                                                                                                                                       
1040001300352P 01032050566883000000000000000000000000000011211PAR 021/060    3003201700000000018541700000002N0602201713103201700000000000006200000000000000000000000000000000000000000000000000000000000000000000000000123473001010090000000000 
1040001300353Q 011000070416419291IZABELLE LIMA ASSEM                     RUA FRANCISCO LOUREIRO, N  185 BL 7 AP 3PONTA NEGRA    69037043MANAUS         AM0000000000000000                                                                       
1040001300354R 01000000000000000000000000000000000000000000000000131032017000000000003708                                                                                                                                                       
1040001300355P 01032050566883000000000000000000000000000011211PAR 018/060    3003201700000000019780400000002N0602201713103201700000000000006600000000000000000000000000000000000000000000000000000000000000000000000000155203001010090000000000 
1040001300356Q 011000096844990278ADSON MEKAIIM SOUSA SANTIAGO            RUA ARISTEIA DE ARAUJO N 758 CJ MANOA 75CIDADE NOVA    69090802MANAUS         AM0000000000000000                                                                       
1040001300357R 01000000000000000000000000000000000000000000000000131032017000000000003956                                                                                                                                                       
1040001300358P 01032050566883000000000000000000000000000011211PAR 018/060    3003201700000000021056300000002N0602201713103201700000000000007000000000000000000000000000000000000000000000000000000000000000000000000000155923001010090000000000 
1040001300359Q 011000001999023480MARLA MELANIA DA SILVA MONTEIRO         RUA LIRIO N  09 QUADRA C  CONJUNTO FLAMAPLANALTO       69044025MANAUS         AM0000000000000000                                                                       
1040001300360R 01000000000000000000000000000000000000000000000000131032017000000000004211                                                                                                                                                       
1040001300361P 01032050566883000000000000000000000000000011211PAR 018/060    3003201700000000018118800000002N0602201713103201700000000000006000000000000000000000000000000000000000000000000000000000000000000000000000156583001010090000000000 
1040001300362Q 011000001999023480MARLA MELANIA DA SILVA MONTEIRO         RUA LIRIO N  09 QUADRA C  CONJUNTO FLAMAPLANALTO       69044025MANAUS         AM0000000000000000                                                                       
1040001300363R 01000000000000000000000000000000000000000000000000131032017000000000003624                                                                                                                                                       
1040001300364P 01032050566883000000000000000000000000000011211PAR 018/060    3003201700000000018132100000002N0602201713103201700000000000006000000000000000000000000000000000000000000000000000000000000000000000000000157273001010090000000000 
1040001300365Q 011000084394218268VITOR FREIRE DA COSTA                   RUA GUAPOREMA, N  51 CASA 5 - CONJ. CIDACIDADE NOVA    69090390MANAUS         AM0000000000000000                                                                       
1040001300366R 01000000000000000000000000000000000000000000000000131032017000000000003626                                                                                                                                                       
1040001300367P 01032050566883000000000000000000000000000011211REP 005/008    3003201700000000016992000000002N0602201713103201700000000000005700000000000000000000000000000000000000000000000000000000000000000000000000298723001010090000000000 
1040001300368Q 011000084394218268VITOR FREIRE DA COSTA                   RUA GUAPOREMA, N  51 CASA 5 - CONJ. CIDACIDADE NOVA    69090390MANAUS         AM0000000000000000                                                                       
1040001300369R 01000000000000000000000000000000000000000000000000131032017000000000003398                                                                                                                                                       
1040001300370P 01032050566883000000000000000000000000000011211PAR 017/060    3003201700000000022698200000002N0602201713103201700000000000007600000000000000000000000000000000000000000000000000000000000000000000000000190383001010090000000000 
1040001300371Q 011000043918530272MARCELO DO NASCIMENTO PEREIRA           RUA B CASA 06 RESIDENCIAL PONTA NEGRA I PONTA NEGRA    69037000MANAUS         AM0000000000000000                                                                       
1040001300372R 01000000000000000000000000000000000000000000000000131032017000000000004540                                                                                                                                                       
1040001300373P 01032050566883000000000000000000000000000011211PAR 015/060    3003201700000000022423700000002N0602201713103201700000000000007500000000000000000000000000000000000000000000000000000000000000000000000000225283001010090000000000 
1040001300374Q 011000034430024200ANTONIO MARCOS LIMA DE AMORIM           RUA MONTE CASTELO, N. 169A              JAPIIM         69078510MANAUS         AM0000000000000000                                                                       
1040001300375R 01000000000000000000000000000000000000000000000000131032017000000000004485                                                                                                                                                       
1040001300376P 01032050566883000000000000000000000000000011211PAR 013/060    3003201700000000021571900000002N0602201713103201700000000000007200000000000000000000000000000000000000000000000000000000000000000000000000244933001010090000000000 
1040001300377Q 011000047465530253FABIO FERNANDES LIMA                    R MONTE ARARATE N 02 QD 33 CONJ.GALILEIANOVA CIDADE    69092035MANAUS         AM0000000000000000                                                                       
1040001300378R 01000000000000000000000000000000000000000000000000131032017000000000004314                                                                                                                                                       
1040001300379P 01032050566883000000000000000000000000000011211PAR 010/036    3003201700000000029203600000002N0602201713103201700000000000009700000000000000000000000000000000000000000000000000000000000000000000000000260073001010090000000000 
1040001300380Q 011000013412610771NATHALIA HUGUINIM ROCHA                 RUA CABO HERCULANO N 85 APT 1505 T 01 71VILA DA PENHA  21211740RIO DE JANEIRO RJ0000000000000000                                                                       
1040001300381R 01000000000000000000000000000000000000000000000000131032017000000000005841                                                                                                                                                       
1040001300382P 01032050566883000000000000000000000000000011211PAR 010/072    3003201700000000015046900000002N0602201713103201700000000000005000000000000000000000000000000000000000000000000000000000000000000000000000272083001010090000000000 
1040001300383Q 011000074316621220RAFAEL REIS PEREIRA                     RUA 23, CASA 22 QUADRA A, 31 CONJ JARDIMPLANALTO       69044700MANAUS         AM0000000000000000                                                                       
1040001300384R 01000000000000000000000000000000000000000000000000131032017000000000003009                                                                                                                                                       
1040001300385P 01032050566883000000000000000000000000000011211PAR 001/072    3003201700000000018906300000002N0602201713103201700000000000006300000000000000000000000000000000000000000000000000000000000000000000000000332023001010090000000000 
1040001300386Q 011000019397917234ROSANGELA STUART DA ROCHA               RUA BARAO DE INDAIA, ALAMEDA DOS JAMBEIRFLORES         69058448MANAUS         AM0000000000000000                                                                       
1040001300387R 01000000000000000000000000000000000000000000000000131032017000000000003781                                                                                                                                                       
10400015         000389000129000000000322127350000000000000000000000000000000000000000000000                                                                                                                                                    
10499999         000001000391                                                                                                                                                                                                                   
